 @misc{cdd, 
  author  = {{Stanford University Center for Deliberative Democracy}},
  title   = {What is Deliberative PollingÂ®?}, 
  url     = {https://cdd.stanford.edu/what-is-deliberative-polling/},
  journal = {CDD}
} 

@article{zhang,
  author  = {Han Zhang and Jennifer Pan}, 
  title   = {CASM: A Deep-Learning Approach for Identifying Collective Action Events with Text and Image Data from Social Media},
  journal = {Sociological Methodology},
  year    = {2019},
  volume  = {49},
  number  = {1},
  pages   = {1-57}
}

@unpublished{cmv,
  title  = {Attitude Change on Reddit's Change My View},
  author = {John Hunter Priniski and Zach Horne},
  year   = {2018},
  journal   = {Conference: Proceedings of the 40th Annual Meeting of the Cognitiee Science Society, Madison, Wisconsin},
  URL    = {https://www.researchgate.net/publication/333175400_Attitude_Change_on_Reddit's_Change_My_View},
}


