 @misc{cdd, 
  author  = {{Stanford University Center for Deliberative Democracy}},
  title   = {What is Deliberative PollingÂ®?}, 
  url     = {https://cdd.stanford.edu/what-is-deliberative-polling/}, 
  journal = {CDD}
} 

@unpublished{cmv,
  title  = {Attitude Change on Reddit's Change My View},
  author = {John Hunter Priniski and Zach Horne},
  year   = {2018},
  journal   = {Conference: Proceedings of the 40th Annual Meeting of the Cognitiee Science Society, Madison, Wisconsin},
  URL    = {https://www.researchgate.net/publication/333175400_Attitude_Change_on_Reddit's_Change_My_View},
}

@article{caro,
  author  = {Luigi Di Caro and Matteo Grella}, 
  title   = {Sentiment analysis via dependency parsing},
  journal = {Computer Standards & Interfaces},
  year    = 2013,
  volume  = 35,
  number  = 5,
  pages   = {442-453},
  month   = 9,
  note    = {https://doi.org/10.1016/j.csi.2012.10.005}
}

@article{komninos,
  author  = {Alexandros Komninos and Suresh Manandhar}, 
  title   = {Dependency Based Embedding for Sentence Classification Tasks},
  journal = {Proceedings of NAACL-HLT},
  year    = 2016,
  volume  = ,
  number  = ,
  pages   = {1490-1500},
  month   = 06,
  note    = {https://www.aclweb.org/anthology/N16-1175.pdf}
}